@misc{uesz,
  address   = {Budapest},
  author    = {KÃ¡roly Gerstner},
  publisher = {Hungarian Academy of Sciences},
  title     = {{\'U}j Etimol{\'o}giai Sz{\'o}tar},
  year      = {2016},
  url       = {\url{uesz.nytud.hu}},
  urldate   = {2021-02-20},
  note      = {preprint},
  lgcode    = {Hungarian [hun]}
}
