@misc{uesz,
    author = {Gerstner, KÃ¡roly},
    address = {Budapest},
    lgcode = {Hungarian [hun]},
    note = {preprint},
    publisher = {Hungarian Academy of Sciences},
    title = {{\'U}j Etimol{\'o}giai Sz{\'o}tar},
    url = {\url{uesz.nytud.hu}},
    urldate = {2021-02-20},
    year = {2016}
}
